@inproceedings{dolstra2004nix,
  title={Nix: A Safe and Policy-Free System for Software Deployment.},
  author={Dolstra, Eelco and De Jonge, Merijn and Visser, Eelco and others},
  booktitle={LISA},
  volume={4},
  pages={79--92},
  year={2004}
}

@article{courtes2013functional,
  title={Functional package management with guix},
  author={Court{\`e}s, Ludovic},
  journal={arXiv preprint arXiv:1305.4584},
  year={2013}
}

@article{cichocki2023comparative,
  title={Comparative analysis of package managers Flatpak and Snap used for open-source software distribution},
  author={Cichocki, Grzegorz Jan and Przy{\l}ucki, S{\l}awomir Wojciech},
  journal={Journal of Computer Sciences Institute},
  volume={29},
  pages={405--412},
  year={2023}
}

