@misc{ enwiki:1251632448,
  author = "{Wikipedia contributors}",
  title = "Part of speech --- {Wikipedia}{,} The Free Encyclopedia",
  year = "2024",
  url = "https://en.wikipedia.org/w/index.php?title=Part_of_speech&oldid=1251632448",
  note = "[Online; accessed 21-October-2024]"
}
