@misc{pipelineRepo,
  author = {Refolli F.},
  title = {Pipeline for running Arcan and analyzing smells},
  year = {2024},
  publisher = {GitHub},
  journal = {GitHub repository},
  howpublished = {\url{https://github.com/frefolli/arcan-pipeline}}
}

@misc{lartcRepo,
  author = {Refolli F.},
  title = {Lart compiler in C++ and LLVM IR},
  year = {2024},
  publisher = {GitHub},
  journal = {GitHub repository},
  howpublished = {\url{https://github.com/frefolli/lartc}}
}

@article{head2015extent,
  title={The extent and consequences of p-hacking in science},
  author={Head, Megan L and Holman, Luke and Lanfear, Rob and Kahn, Andrew T and Jennions, Michael D},
  journal={PLoS biology},
  volume={13},
  number={3},
  pages={e1002106},
  year={2015},
  publisher={Public Library of Science}
}

@inproceedings{fontana2017arcan,
  title={Arcan: A tool for architectural smells detection},
  author={Fontana, Francesca Arcelli and Pigazzini, Ilaria and Roveda, Riccardo and Tamburri, Damian and Zanoni, Marco and Di Nitto, Elisabetta},
  booktitle={2017 IEEE International Conference on Software Architecture Workshops (ICSAW)},
  pages={282--285},
  year={2017},
  organization={IEEE}
}

@book{sun2020microbiome,
  title={The Microbiome in Health and Disease - Student's t-test},
  author={Sun, J.},
  isbn={9780128200018},
  series={Progress in Molecular Biology and Translational Science},
  url={https://books.google.it/books?id=kiToDwAAQBAJ},
  year={2020},
  publisher={Academic Press},
  pages={397}
}
